@article{journals/cvgip/SuzukiA85,
  added-at = {2006-09-04T00:00:00.000+0200},
  author = {Suzuki, Satoshi and Abe, Keiichi},
  biburl = {https://www.bibsonomy.org/bibtex/2ad5f28891fb63752f5c5b739a8dcfc2d/dblp},
  date = {2006-09-04},
  description = {dblp},
  ee = {http://dx.doi.org/10.1016/0734-189X(85)90016-7},
  interhash = {6ebecf05bd8fd5de51037ab7d86431fb},
  intrahash = {ad5f28891fb63752f5c5b739a8dcfc2d},
  journal = {Computer Vision, Graphics, and Image Processing},
  keywords = {dblp},
  number = 1,
  pages = {32-46},
  timestamp = {2006-09-04T00:00:00.000+0200},
  title = {Topological structural analysis of digitized binary images by border following.},
  url = {http://dblp.uni-trier.de/db/journals/cvgip/cvgip30.html#SuzukiA85},
  volume = 30,
  year = 1985
}

@online{qrcoderef,
 author  = {Richard Wheeler (Zephyris), Wikimedia Commons},
 title   = {File:QR Code Structure Example.svg},
 year    = {7 January 2008},
 url     = {https://upload.wikimedia.org/wikipedia/commons/7/7a/QR_Code_Structure_Example.svg}
}

